@techreport{landuse2016,
    title = {{ Northern Territory Land Use Mapping for Biosecurity 2016}},
    year = {2017},
    author = {Staben, G. and Edmeades, B.},
    month = {9},
    url = {https://hdl.handle.net/10070/431762},
    institution = {Department of Environment and Natural Resources, Northern Territory Government},
    address = {Palmerston}
}

@article{vincini2008,
    title = {{A broad-band leaf chlorophyll vegetation index at the canopy scale}},
    year = {2008},
    journal = {Precision Agriculture},
    author = {Vincini, M. and Frazzi, E. and D'Alessio, P.},
    number = {5},
    month = {10},
    pages = {303--319},
    volume = {9},
    url = {https://link.springer.com/content/pdf/10.1007/s11119-008-9075-z.pdf},
    doi = {10.1007/s11119-008-9075-z},
    issn = {13852256},
    keywords = {Leaf chlorophyll concentration, Remote sensing, Variable rate fertilization, Vegetation indices}
}

@article{peddleetal2001,
    title = {{A Comparison of Spectral Mixture Analysis and Ten Vegetation Indices for Estimating Boreal Forest Biophysical Information from Airborne Data}},
    year = {2001},
    journal = {Canadian Journal of Remote Sensing},
    author = {Peddle, D. R. and Brunke, S. P. and Hall, F. G.},
    number = {6},
    pages = {627--635},
    volume = {27},
    url = {https://doi.org/10.1080/07038992.2001.10854903},
    doi = {10.1080/07038992.2001.10854903},
    issn = {17127971}
}

@article{russellsmith1997,
    title = {{A LANDSAT MSS-Derived Fire History of Kakadu National Park, Monsoonal Northern Australial, 1980-94: Seasonal Extent, Frequency and Patchiness}},
    year = {1997},
    journal = {Source: Journal of Applied Ecology},
    author = {Russell-Smith, Jeremy and Ryan, Paul G and Durieu, Richard},
    number = {3},
    pages = {748--766},
    volume = {34},
    url = {https://doi.org/10.2307/2404920}
}

@article{qietal1994,
    title = {{A modified soil adjusted vegetation index}},
    year = {1994},
    journal = {Remote Sensing of Environment},
    author = {Qi, J. and Chehbouni, A. and Huete, A. R. and Kerr, Y. H. and Sorooshian, S.},
    number = {2},
    month = {5},
    pages = {119--126},
    volume = {48},
    publisher = {Elsevier},
    url = {https://doi.org/10.1016/0034-4257(94)90134-1},
    doi = {10.1016/0034-4257(94)90134-1},
    issn = {0034-4257}
}

@article{bannarietal1995,
    title = {{A review of vegetation indices  (NIR - SWIR)/(NIR+SWIR)}},
    year = {1995},
    journal = {Remote Sensing Reviews},
    author = {Bannari, A. and Morin, D. and Bonn, F. and Huete, A. R.},
    number = {1-2},
    month = {8},
    pages = {95--120},
    volume = {13},
    url = {https://doi.org/10.1080/02757259509532298},
    doi = {10.1080/02757259509532298},
    issn = {0275-7257}
}

@book{gonsamo2009,
    title = {{A simplified procedure for a large scale LAI inversion from high resolution satellite data; A simplified procedure for a large scale LAI inversion from high resolution satellite data}},
    year = {2009},
    booktitle = {2009 IEEE International Geoscience and Remote Sensing Symposium},
    author = {Gonsamo, Alemu and Pellikka, Petri},
    volume = {3},
    url = {https://wist.echo.nasa.gov/},
    isbn = {9781424433957},
    doi = {10.1109/IGARSS.2009.5417816},
    keywords = {High resolution satellite data, Large scale LAI inversion, Scale effect, Vegetation index}
}

@article{huete1988,
    title = {{A soil-adjusted vegetation index (SAVI)}},
    year = {1988},
    journal = {Remote Sensing of Environment},
    author = {Huete, A. R.},
    number = {3},
    month = {8},
    pages = {295--309},
    volume = {25},
    publisher = {Elsevier},
    url = {https://doi.org/10.1016/0034-4257(88)90106-X},
    doi = {10.1016/0034-4257(88)90106-X},
    issn = {0034-4257}
}

@article{scarthetal2019,
    title = {{A structural classification of Australian vegetation using ICESat/GLAS, ALOS PALSAR, and Landsat sensor data}},
    year = {2019},
    journal = {Remote Sensing},
    author = {Scarth, P. and Armston, J. and Lucas, R. and Bunting, P.},
    number = {2},
    month = {1},
    volume = {11},
    publisher = {MDPI AG},
    url = {https://www.mdpi.com/2072-4292/11/2/147},
    doi = {10.3390/rs11020147},
    issn = {20724292},
    keywords = {ALOS PALSAR, Australia, ICESat/GLAS, Landsat, Segmentation, Structure, Vegetation}
}

@article{uyanik2013,
    title = {{A Study on Multiple Linear Regression Analysis}},
    year = {2013},
    journal = {Procedia - Social and Behavioral Sciences},
    author = {Uyanık, Gülden Kaya and G{\"{u}}ler, Neşe},
    month = {12},
    pages = {234--240},
    volume = {106},
    publisher = {Elsevier BV},
    url = {https://reader.elsevier.com/reader/sd/pii/S1877042813046429?token=18327273EF66BF04DA26E8335669F120ED4431C78B6E842A2AA389945FA64D0406347061D5386FFA45D7492022B54103&originRegion=us-east-1&originCreation=20220918050008},
    doi = {10.1016/j.sbspro.2013.12.027},
    issn = {18770428}
}

@article{hutleyetal2011,
    title = {{A sub-continental scale living laboratory: Spatial patterns of savanna vegetation over a rainfall gradient in northern Australia}},
    year = {2011},
    journal = {Agricultural and Forest Meteorology},
    author = {Hutley, L. B. and Beringer, J. and Isaac, P. R. and Hacker, J. M. and Cernusak, L. A.},
    number = {11},
    month = {11},
    pages = {1417--1428},
    volume = {151},
    url = {https://doi.org/10.1016/j.agrformet.2011.03.002},
    doi = {10.1016/j.agrformet.2011.03.002},
    issn = {01681923},
    keywords = {Conductance, LAI, NATT, Savanna, Transects}
}

@article{luetal2014,
    title = {{A survey of remote sensing-based aboveground biomass estimation methods in forest ecosystems}},
    year = {2016},
    journal = {International Journal of Digital Earth},
    author = {Lu, D. and Chen, Q. and Wang, G. and Liu, L. and Li, G. and Moran, E.},
    number = {1},
    month = {1},
    pages = {63--105},
    volume = {9},
    publisher = {Taylor and Francis Ltd.},
    url = {https://doi.org/10.1080/17538947.2014.990526},
    doi = {10.1080/17538947.2014.990526},
    issn = {17538955},
    keywords = {aboveground biomass, forest ecosystems, parametric vs. nonparametric algorithms, remote sensing, uncertainty}
}

@article{edwardsetal2001,
    title = {{A tale of two parks: Contemporary fire regimes of Litchfield and Nitmiluk National Parks, monsoonal northern Australia}},
    year = {2001},
    journal = {International Journal of Wildland Fire},
    author = {Edwards, A. and Hauser, P. and Anderson, M. and McCartney, J. and Armstrong, M. and Thackway, R. and Allan, G. and Hempel, C. and Russell-Smith, J.},
    number = {1},
    pages = {79--89},
    volume = {10},
    publisher = {CSIRO},
    url = {https://doi.org/10.2307/2404920},
    doi = {10.1071/WF01002},
    issn = {10498001}
}

@book{Korstanje2021,
    title = {{Advanced Forecasting with Python}},
    year = {2021},
    booktitle = {Advanced Forecasting with Python},
    author = {Korstanje, J.},
    chapter = {The Random Forest},
    edition = {1},
    publisher = {Apress},
    url = {https://doi.org/10.1080/01431161.2010.510811},
    address = {New York},
    isbn = {978-1-4842-7150-6}
}

@article{sripada2006,
    title = {{Aerial Color Infrared Photography for Determining Early In Season Nitrogen Requirements in Corn}},
    year = {2006},
    journal = {Agronomy Journal},
    author = {Sripada, R. P. and Heiniger, R. W. and White, J. G. and Meijer, A. D.},
    number = {4},
    month = {7},
    pages = {968--977},
    volume = {98},
    url = {https://doi.org/10.2134/agronj2005.0200},
    doi = {10.2134/agronj2005.0200},
    issn = {0002-1962}
}

@article{sripada2006b,
    title = {{Aerial color infrared photography for determining early in-season nitrogen requirements in corn}},
    year = {2006},
    journal = {Agronomy Journal},
    author = {Sripada, R. P. and Heiniger, R. W. and White, J. G. and Meijer, A. D.},
    number = {4},
    month = {7},
    pages = {968--977},
    volume = {98},
    url = {https://acsess.onlinelibrary.wiley.com/doi/epdf/10.2134/agronj2005.0200?saml_referrer},
    doi = {10.2134/agronj2005.0200},
    issn = {00021962}
}

@article{williamsetal2005b,
    title = {{Allometry for estimating aboveground tree biomass in tropical and subtropical eucalypt woodlands: towards general predictive equations}},
    year = {2005},
    journal = {Australian Journal of Botany},
    author = {Williams, R. J. and Zerihun, A. and Montagu, K. D. and Hoffman, M. and Hutley, L. B. and Chen, X.},
    number = {7},
    pages = {607--619},
    volume = {53},
    url = {https://doi.org/10.1071/BT04149},
    doi = {10.1071/BT04149},
    issn = {0067-1924}
}

@article{floodetal2013,
    title = {{An operational scheme for deriving standardised surface reflectance from landsat TM/ETM+ and SPOT HRG imagery for eastern Australia}},
    year = {2013},
    journal = {Remote Sensing},
    author = {Flood, Neil and Danaher, Tim and Gill, Tony and Gillingham, Sam},
    number = {1},
    month = {1},
    pages = {83--109},
    volume = {5},
    url = {https://www.mdpi.com/2072-4292/5/1/83},
    doi = {10.3390/rs5010083},
    issn = {20724292},
    keywords = {Atmospheric, BRDF, Landsat TM, Radiometric correction, SPOT HRG, Surface reflectance, Topographic}
}

@article{gasparretal2010,
    title = {{Assessing multi-temporal Landsat 7 ETM+ images for estimating above-ground biomass in subtropical dry forests of Argentina}},
    year = {2010},
    journal = {Journal of Arid Environments},
    author = {Gasparri, N. I. and Parmuchi, M. G. and Bono, J. and Karszenbaum, H. and Montenegro, C. L.},
    number = {10},
    month = {10},
    pages = {1262--1270},
    volume = {74},
    publisher = {Academic Press},
    url = {https://doi.org/10.1016/j.jaridenv.2010.04.007},
    doi = {10.1016/J.JARIDENV.2010.04.007},
    issn = {0140-1963},
    keywords = {Above-ground biomass, Chaco, Dry forest, Regression model, Remote sensing, Vegetation index}
}

@article{williamsetal2004,
    title = {{Assessing the carbon sequestration potential of mesic savannas in the Northern Territory, Australia: Approaches, uncertainties and potential impacts of fire}},
    year = {2004},
    journal = {Functional Plant Biology},
    author = {Williams, R. J. and Hutley, L. B. and Cook, G. D. and Russell-Smith, J. and Edwards, A. and Chen, X.},
    number = {5},
    pages = {415--422},
    volume = {31},
    url = {https://cdu.primo.exlibrisgroup.com/discovery/jfulldisplay?docid=alma991001930304703446&context=L&vid=61CDU_INST:61CDU&lang=en&adaptor=Local%20Search%20Engine&tab=jsearch_slot&query=any,contains,Functional%20Plant%20Biology&offset=0&journals=any,Functional%20Plant%20Biology},
    doi = {10.1071/FP03215},
    issn = {14454408},
    keywords = {Aboriginal land, Arnhem land, Carbon accounting, Global change, Land use, Net biome productivity, Net ecosystem productivity, Remote sensing, Tropical savanna}
}

@book{tern2012,
    title = {{AusPlots Rangelands Survey Protocols Manual v. 1.2.9}},
    year = {2012},
    author = {White, A. and Sparrow, B. and Leitch, E. and Foulkes, J. and Flitton, R. and Lowe, A. J. and Caddy-Retalic, S.},
    pages = {1--76},
    volume = {1.2.9},
    publisher = {The University of Adelaide Press},
    address = {Adelaide},
    isbn = {9781922064387},
    doi = {10.13140/2.1.4287.3607}
}

@article{beringeretal1995,
    title = {{Biomass Burning and Resulting Emissions in the Northern Territory, Australia}},
    year = {1995},
    journal = {International Journal of Wildland Fire},
    author = {Beringer, J. and Packham, D. and Tapper, N.},
    pages = {229--235},
    volume = {5},
    url = {https://doi.org/10.1071/WF9950229}
}

@incollection{meyercook2015,
    title = {{Biomass combustion and emission processes in the northern Australian savannas}},
    year = {2015},
    booktitle = {Carbon Accounting and Savanna Fire Management},
    author = {Meyer, M. C. and Cook, G. D.},
    edition = {1},
    pages = {185--217},
    volume = {}
}

@article{williamsetal2005a_new,
    title = {{Carbon accounting, land management, science and policy uncertainty in Australian savanna landscapes: Introduction and overview}},
    year = {2005},
    journal = {Australian Journal of Botany},
    author = {Williams, R. J. and Carter, J. and Duff, G. A. and Woinarski, J. C. and Cook, G. D. and Farrer, S. L.},
    number = {7},
    pages = {583--588},
    volume = {53},
    url = {https://www.publish.csiro.au/bt/pdf/BT05181},
    doi = {10.1071/BT05181},
    issn = {00671924}
}

@article{chenetal2002,
    title = {{Carbon balance of a tropical savanna of northern Australia}},
    year = {2003},
    journal = {Oecologia},
    author = {Chen, X. and Hutley, L. B. and Eamus, D.},
    number = {3},
    month = {11},
    pages = {405--416},
    volume = {137},
    url = {https://doi.org/10.1007/s00442-003-1358-5},
    doi = {10.1007/s00442-003-1358-5},
    issn = {00298549},
    pmid = {12942361},
    keywords = {CO2, Carbon cycling, Carbon source-sink relationships, Net ecosystem production, Wet-dry tropics}
}

@techreport{gifford2000,
    title = {{Carbon Content of Woody Roots}},
    year = {2000},
    author = {Gifford, Roger M},
    month = {10},
    url = {http://www.greenhouse.gov.au},
    institution = {The Australian Greenhouse Office},
    issn = {14426838}
}

@article{russellsmith1991,
    title = {{Classification, species richness, and environmental relations of monsoon rain forest in northern Australia}},
    year = {1991},
    journal = {Journal of Vegetation Science},
    author = {Russell-Smith, J},
    volume = {2},
    url = {https://doi.org/10.2307/3235959},
    keywords = {Environmental gradient, Indirect gradient analysis, Monsoon forest, Northern Territory, Tropical rain forest, Veg-etation structure}
}

@article{wuetal2016,
    title = {{Comparison of machine-learning methods for above-ground biomass estimation based on Landsat imagery}},
    year = {2016},
    journal = {Journal of Applied Remote Sensing},
    author = {Wu, C. and Shen, H. and Shen, A. and Deng, J. and Gan, M. and Zhu, J. and Xu, H. and Wang, K.},
    number = {3},
    month = {8},
    pages = {035010},
    volume = {10},
    publisher = {SPIE-Intl Soc Optical Eng},
    url = {https://doi.org/10.1117/1.JRS.10.035010},
    doi = {10.1117/1.jrs.10.035010},
    issn = {1931-3195}
}

@article{flood2014,
    title = {{Continuity of reflectance data between landsat-7 ETM+ and landsat-8 OLI, for both top-of-atmosphere and surface reflectance: A study in the australian landscape}},
    year = {2014},
    journal = {Remote Sensing},
    author = {Flood, N.},
    number = {9},
    pages = {7952--7970},
    volume = {6},
    publisher = {MDPI AG},
    url = {https://doi.org/10.3390/rs6097952},
    doi = {10.3390/rs6097952},
    issn = {20724292},
    keywords = {Calibration, Continuity, Correction, Landsat-8, Operational land imager (OLI) reflectance}
}

@article{lehmannetal2011,
    title = {{Deciphering the distribution of the savanna biome}},
    year = {2011},
    journal = {New Phytologist},
    author = {Lehmann, C. E. and Archibald, S. A. and Hoffmann, W. A. and Bond, W. J.},
    number = {1},
    month = {7},
    pages = {197--209},
    volume = {191},
    url = {https://doi.org/10.1111/j.1469-8137.2011.03689.x},
    doi = {10.1111/j.1469-8137.2011.03689.x},
    issn = {0028646X},
    pmid = {21463328},
    keywords = {Alternate stable states, C4 grasses, Fire, Flammability, Forest, Herbivory}
}

@book{keras2017,
    title = {{Deep Learning with Keras}},
    year = {2017},
    author = {Gulli, A. and Pal, S.},
    publisher = {Packt Publishing Ltd.},
    url = {www.packtpub.com},
    address = {Birmingham}
}

@article{zhou2014,
    title = {{Determination of green aboveground biomass in desert steppe using litter-soil-adjusted vegetation index}},
    year = {2014},
    journal = {European Journal of Remote Sensing},
    author = {Zhou, G. and Ren, H.},
    number = {1},
    month = {9},
    pages = {611--625},
    volume = {47},
    publisher = {Associazione Italiana di Telerilevamento},
    url = {https://www.tandfonline.com/doi/pdf/10.5721/EuJRS20144734?needAccess=true},
    doi = {10.5721/EuJRS20144734},
    issn = {22797254},
    keywords = {Cellulose absorption index, Desert steppe, Field spectrometry, Green aboveground biomass, Litter-soil-adjusted vegetation indices}
}

@article{goodwincollett2014,
    title = {{Development of an automated method for mapping fire history captured in Landsat TM and ETM+ time series across Queensland, Australia}},
    year = {2014},
    journal = {Remote Sensing of Environment},
    author = {Goodwin, N. R. and Collett, L. J.},
    month = {5},
    pages = {206--221},
    volume = {148},
    publisher = {Elsevier Inc.},
    url = {https://doi.org/10.1016/j.rse.2014.03.021},
    doi = {10.1016/j.rse.2014.03.021},
    issn = {00344257},
    keywords = {Burnt area mapping, Fire history, Landsat, Time series}
}

@article{eamusetal200,
    title = {{Dry season conditions determine wet season water use in the wet–dry{\\\}tropical savannas of northern Australia}},
    year = {2000},
    journal = {Tree Physiology},
    author = {Eamus, D. and O'Grady, A. P. and Hutley, L.},
    number = {18},
    pages = {1219--1226},
    volume = {20},
    url = {https://doi.org/10.1093/treephys/20.18.1219}
}

@article{kuttetal2012,
    title = {{Effect of small-scale woodland clearing and thinning on vertebrate fauna in a largely intact tropical savanna mosaic}},
    year = {2012},
    journal = {Wildlife Research},
    author = {Kutt, A. S. and Vanderduys, E. P. and Ferguson, D. and Mathieson, M.},
    number = {4},
    month = {5},
    pages = {366--373},
    volume = {39},
    url = {https://doi.org/10.1071/WR11171}
}

@article{kanniahatal2011,
    title = {{Environmental controls on the spatial variability of savanna productivity in the Northern Territory, Australia}},
    year = {2011},
    journal = {Agricultural and Forest Meteorology},
    author = {Kanniah, K. D. and Beringer, J. and Hutley, L. B.},
    number = {11},
    month = {11},
    pages = {1429--1439},
    volume = {151},
    doi = {10.1016/j.agrformet.2011.06.009},
    issn = {01681923},
    keywords = {Australia, Gross primary productivity, Rainfall, Savanna, Spatial patterns}
}

@article{zhengetal2004,
    title = {{Estimating aboveground biomass using Landsat 7 ETM+ data across a managed landscape in northern Wisconsin, USA}},
    year = {2004},
    journal = {Remote Sensing of Environment},
    author = {Zheng, D. and Rademacher, J. and Chen, J. and Crow, T. and Bresee, M. and Le Moine, J. and Ryu, SR},
    number = {3},
    month = {11},
    pages = {402--411},
    volume = {93},
    publisher = {Elsevier},
    url = {https://doi.org/10.1016/j.rse.2004.08.008},
    doi = {10.1016/J.RSE.2004.08.008},
    issn = {0034-4257},
    keywords = {Biomass distribution, Carbon pools, Fuel accumulation, Hardwood and pine forests, Reflectance, Stand age, Vegetation indices}
}

@article{collinsetal2009,
    title = {{Estimating landscape-scale vegetation carbon stocks using airborne multi-frequency polarimetric synthetic aperture radar (SAR) in the savannahs of north Australia}},
    year = {2009},
    journal = {International Journal of Remote Sensing},
    author = {Collins, J. N. and Hutley, L. B. and Williams, R. J. and Boggs, G. and Bell, D. and Bartolo, R.},
    number = {5},
    month = {3},
    pages = {1141--1159},
    volume = {30},
    publisher = {Taylor and Francis Ltd.},
    url = {https://doi.org/10.1080/01431160802448935},
    doi = {10.1080/01431160802448935},
    issn = {13665901}
}

@article{billesbash2011,
    title = {{Estimating uncertainties in individual eddy covariance flux measurements: A comparison of methods and a proposed new method}},
    year = {2011},
    journal = {Agricultural and Forest Meteorology},
    author = {Billesbach, D. P.},
    number = {3},
    month = {3},
    pages = {394--405},
    volume = {151},
    doi = {10.1016/j.agrformet.2010.12.001},
    issn = {01681923},
    keywords = {Covariance, Eddy correlation, Flux uncertainties, Scalar fluxes, Variance}
}

@techreport{peetersbutler2014,
    title = {{Eucalypt open-forests Regrowth Benefits - Management Guideline}},
    year = {2014},
    author = {Peeters, P. and Butler, D.},
    pages = {1--49},
    url = {https://www.qld.gov.au/data/assets/pdf-file/0024/68901/eucalypt-open-forests-management-guideline.pdf},
    institution = {State of Quensland, Department of Science, Information Technology, Inovation and the Arts},
    address = {Brisbane},
    keywords = {accumulation, actions, benefits, biology, carbon, clearing, competitors, conservation, dense, density, dieback, ecological, ecology, eucalypt, eucalypts, farming, features, fire, food, grazing, grow, guideline, landscape, life stages, management, maximise, model, open-forest, open-forests, pasture, predators, pressure, rainfall, regrowth, shelter, shrubs, storage, tree, tree size, trees, understorey, wildlife}
}

@article{prioretal2010,
    title = {{Experimental evidence that fire causes a tree recruitment bottleneck in an Australian tropical savanna}},
    year = {2010},
    journal = {Journal of Tropical Ecology},
    author = {Prior, L. D. and Williams, R. J. and Bowman, D. M.},
    pages = {595--603},
    volume = {26},
    url = {https://doi.org/10.1017/S0266467410000362},
    doi = {10.1017/S0266467410000362},
    keywords = {Eucalyptus, Kakadu National Park, fire ecology, monsoonal tropics, stand dynamics}
}

@techreport{muiretal2011,
    title = {{Field measurement of fractional ground cover: a technical handbook supporting ground cover monitoring for Australia}},
    year = {2011},
    author = {Muir, J. and Schmidt, M. and Tindall, D. and Trevithick, R. and Scarth, P. and Stewart, J. B.},
    month = {11},
    pages = {48},
    publisher = {ABARES},
    url = {https://www.academia.edu/19952420},
    institution = {prepared by the Queensland Department ofEnvironment and Resource Management for the Australian Bureau of Agricultural and Resource Economics and Sciences},
    address = {Canberra},
    isbn = {9781921192845}
}

@incollection{murpheyetal2015,
    title = {{Fire or water: which limits tree biomass in Australian savannas?*}},
    year = {2015},
    booktitle = {Carbon Accounting and Savanna Fire Management},
    author = {Murphy, B. P. and Liedloff, A. C. and Cook, G. D.},
    chapter = {12},
    edition = {1},
    month = {9},
    pages = {273--294},
    publisher = {CSIRO Publishing, ProQuest Ebook Central},
    url = {https://ebookcentral.proquest.com/lib/cdu/detail.action?docID=2070903}
}

@article{williams1999,
    title = {{Fire regime,  fire intensity and tree survival in a tropical savanna in northern Australia}},
    year = {1999},
    journal = {Australian Journal of Ecology},
    author = {Williams, R. J. and Cook, G. D. and Gill, A. M. and Moore, P. H.},
    pages = {50--59},
    volume = {24},
    url = {https://doi.org/10.1046/j.1442-9993.1999.00946.x}
}

@article{lietal2020,
    title = {{Forest aboveground biomass estimation using Landsat 8 and Sentinel-1A data with machine learning algorithms}},
    year = {2020},
    journal = {Scientific Reports},
    author = {Li, Y. and Li, M. and Li, C. and Liu, Z.},
    number = {1},
    month = {12},
    volume = {10},
    publisher = {Nature Research},
    url = {https://www.nature.com/articles/s41598-020-67024-3},
    doi = {10.1038/s41598-020-67024-3},
    issn = {20452322},
    pmid = {32561836}
}

@techreport{schmidtetal2010,
    title = {{FRACTIONAL GROUND COVER MONITORING OF PASTURES AND AGRICULTURAL AREAS IN QUEENSLAND}},
    author = {Schmidt, M. and Denham, R. and Scarth, P.},
    url = {http://www.derm.qld.gov.au/slats/},
    institution = {Department of Environment and Resource Management, Queensland Government},
    address = {Brisbaine},
    keywords = {()}
}

@article{murphyetal2010,
    title = {{Frequent fires reduce tree growth in northern Australian savannas: Implications for tree demography and carbon sequestration}},
    year = {2010},
    journal = {Global Change Biology},
    author = {Murphy, B. P. and Russell-Smith, J. and Prior, L. D.},
    number = {1},
    month = {1},
    pages = {331--343},
    volume = {16},
    url = {https://doi.org/10.1111/j.1365-2486.2009.01933.x},
    doi = {10.1111/j.1365-2486.2009.01933.x},
    issn = {13541013},
    keywords = {Carbon sequestration, Fire anagement, Net primary productivity, Northern Australia, Tree demography, Tree growth, Tropical savanna}
}

@techreport{englandatal2021b,
    title = {{FullCAM-generated map layers for carbon emissions resulting from land clearing in the NT Identification of scenarios}},
    year = {2021},
    author = {England, Jacqui and Roxburgh, Stephen and Paul, Keryn}
}

@article{vanderwerf2010,
    title = {{Global fire emissions and the contribution of deforestation, savanna, forest, agricultural, and peat fires (1997–2009)}},
    year = {2010},
    journal = {Atmospheric Chemistry and Physics},
    author = {van der Werf, G. R. and Randerson, J. T. and Giglio, L. and Collatz, G. J. and Mu, M. and Kasibhatla, P. S. and Morton, D. C. and DeFries, R. S. and Jin, Y. and van Leeuwen, T. T.},
    number = {23},
    month = {12},
    pages = {11707--11735},
    volume = {10},
    url = {https://acp.copernicus.org/articles/10/11707/2010/},
    doi = {10.5194/acp-10-11707-2010},
    issn = {1680-7324}
}

@article{hutleyetal2021,
    title = {{Gross primary productivity and water use efficiency are increasing in a high rainfall tropical savanna}},
    year = {2021},
    author = {Hutley, L. B. and Beringer, J. and Fatichi, S. and Schymanski, S .J and Northwood, M.},
    doi = {10.1111/gcb.16012}
}

@techreport{tindalletal.2014,
    title = {{Ground cover and fire in the grazing lands: RP64G Synthesis Report}},
    year = {2014},
    author = {Tindall, D. and Trevithick, R. and Scarth, P. and Collett, L. and Goodwin, N. and Denham, R. and Flood, N.},
    pages = {1--55},
    url = {https://www.publications.qld.gov.au/dataset/ground-cover-fire-grazing/resource/6258683f-02d0-4dd3-93a0-83cbecdd7d01},
    institution = {Department of Science, Information Technology, Innovation and The Arts},
    address = {Brisbane},
    keywords = {Fire, Fire Scar Mapping, Grazing Lands, Great Barrier Reef, Ground Cover, Reef Catchments, Remote Sensing}
}

@article{bushnagel1993,
    title = {{In vivo spectroscopy and internal optics of leaves as basis for remote sensing of vegetation}},
    year = {1993},
    journal = {International Journal of Remote Sensing},
    author = {Buschmann, C. and Nagel, E.},
    number = {4},
    month = {3},
    pages = {711--722},
    volume = {14},
    url = {https://doi.org/10.1080/01431169308904370},
    doi = {10.1080/01431169308904370},
    issn = {0143-1161}
}

@techreport{lcg,
    title = {{Land clearing guidelines Northern Territory Planning Scheme}},
    year = {2021},
    author = {{Rangelands Division of the Northern Territory Government}},
    pages = {1--79},
    institution = {Rangelands Division, Northenr Territory Goventment},
    address = {Darwin}
}

@techreport{slats2015_16,
    title = {{Land cover change in Queensland 2015–16: a Statewide Landcover and Trees Study (SLATS) Report}},
    year = {2017},
    author = {Andrew, Grodecki},
    month = {8},
    url = {https://www.publications.qld.gov.au/dataset/land-cover-change-in-queensland-2015-16/resource/60a7902d-7a9d-49a7-90b1-a54686fbcef5},
    institution = {Queensland  Department of Science, Information Technology and Inovation},
    address = {Brisbaine},
    keywords = {Land cover change, SLATS, vegetation change}
}

@article{Storey2014,
    title = {{Landsat 8 operational land imager on-orbit geometric calibration and performance}},
    year = {2014},
    journal = {Remote Sensing},
    author = {Storey, J. and Choate, M. and Lee, K.},
    number = {11},
    pages = {11127--11152},
    volume = {6},
    publisher = {MDPI AG},
    url = {https://doi.org/10.3390/rs61111127},
    doi = {10.3390/rs61111127},
    issn = {20724292},
    keywords = {Band registration accuracy, Geolocation, Geometric accuracy, Global land survey, Landsat 8, Operational land imager}
}

@incollection{cuffbrocklehurst2015,
    title = {{Leaf and coarse fuel accumulation in tropical eucalypt savannas}},
    year = {2015},
    booktitle = {Carbon Accounting and Savanna Fire Management},
    author = {Cuff, Nicholas and Brocklehurst, Peter},
    pages = {133--167},
    url = {https://web.p.ebscohost.com/ehost/ebookviewer/ebook/ZTAwMHh3d19fMTAwNjIxMF9fQU41?sid=f27ef1cf-5829-45d6-8232-175a45c78bd1@redis&vid=0&format=EB&lpid=lp_133&rid=0}
}

@article{williamsetal1997,
    title = {{Leaf Phenology of Woody Species in a North Australian Tropical Savanna}},
    year = {1997},
    journal = {Ecology},
    author = {Williams, R. J. and Myers, B. A. and Muller, W. J. and Duff, G. A. and Eamus, D.},
    number = {8},
    pages = {2542--2558},
    volume = {78},
    url = {https://doi.org/10.2307/2265913},
    institution = {CSIRO Division of Wildlife and Ecology, Tropical Ecosystem Research Centre},
    address = {Darwin},
    keywords = {Australia, Eucalyptus, deciduous trees and shrubs, leaf flush, phenology, savanna, synchrony, tropical savanna, water potential}
}

@article{Higginbottometal.2018,
    title = {{Mapping fractional woody cover in semi-arid savannahs using multi-seasonal composites from Landsat data}},
    year = {2018},
    journal = {ISPRS Journal of Photogrammetry and Remote Sensing},
    author = {Higginbottom, Thomas P. and Symeonakis, Elias and Meyer, Hanna and van der Linden, Sebastian},
    month = {5},
    pages = {88--102},
    volume = {139},
    publisher = {Elsevier B.V.},
    url = {https://www.sciencedirect.com/science/article/pii/S092427161830039X},
    doi = {10.1016/j.isprsjprs.2018.02.010},
    issn = {09242716},
    keywords = {Landsat-metrics, Large-area mapping, Optical-radar fusion, Savannahs, Woody cover mapping}
}

@article{lietal2018,
    title = {{Mapping rice planted area using a new normalized EVI and SAVI (NVI) derived from landsat-8 OLI}},
    year = {2018},
    journal = {IEEE Geoscience and Remote Sensing Letters},
    author = {Li, Peng and Xiao, Chiwei and Feng, Zhiming},
    number = {12},
    month = {12},
    pages = {1822--1826},
    volume = {15},
    publisher = {Institute of Electrical and Electronics Engineers Inc.},
    url = {https://ieeexplore.ieee.org/stamp/stamp.jsp?tp=&arnumber=8453818},
    doi = {10.1109/LGRS.2018.2865516},
    issn = {15580571},
    keywords = {Enhanced vegetation index (EVI), Landsat, rice planted paddy, soil-adjusted vegetation index (SAVI)}
}

@article{barnetsonetal2019,
    title = {{Mapping woody vegetation cover across Australia's arid rangelands: Utilising a machine-learning classification and low-cost Remotely Piloted Aircraft System}},
    year = {2019},
    journal = {International Journal of Applied Earth Observation and Geoinformation},
    author = {Barnetson, J. and Phinn, S. and Scarth, P.},
    month = {11},
    volume = {83},
    publisher = {Elsevier B.V.},
    doi = {10.1016/j.jag.2019.101909},
    issn = {1872826X},
    keywords = {Drone, Landsat, Ortho-mosaic, Planet Dove, Remotely Piloted Aircraft System (RPAS), Sentinel2}
}

@incollection{FuenteMLR2018,
    title = {{MLR}},
    year = {2018},
    booktitle = {Hands-On Predictive Analytics with Python},
    author = {Fuente, Alvaro},
    url = {https://learning.oreilly.com/library/view/hands-on-predictive-analytics/9781789138719/51821a0f-d541-43ed-bd3f-b24056c9a330.xhtml}
}

@article{stabenetal2018,
    title = {{Modelling LiDAR derived tree canopy height from Landsat TM, ETM+ and OLI satellite imagery—A machine learning approach}},
    year = {2018},
    journal = {International Journal of Applied Earth Observation and Geoinformation},
    author = {Staben, G. and Lucieer, A. and Scarth, P.},
    month = {12},
    pages = {666--681},
    volume = {73},
    publisher = {Elsevier B.V.},
    url = {https://doi.org/10.1016/j.jag.2018.08.013},
    doi = {10.1016/j.jag.2018.08.013},
    issn = {1872826X},
    keywords = {Canopy height model, Landsat, LiDAR, Random forest, Vegetation structure}
}

@article{franklinetal2008,
    title = {{Monitoring contrasting land management in the savanna landscapes of northern Australia}},
    year = {2008},
    journal = {Environmental Management},
    author = {Franklin, D. C. and Petty, A. M. and Williamson, G. J. and Brook, B. W. and Bowman, D. M.},
    number = {4},
    month = {4},
    pages = {501--515},
    volume = {41},
    url = {https://doi.org/10.1007/s00267-007-9006-1},
    doi = {10.1007/s00267-007-9006-1},
    issn = {0364152X},
    pmid = {17828595},
    keywords = {Aboriginal lands, Feral herbivores, Fire regimes, National parks, Weeds}
}

@misc{fensham2005,
    title = {{Monitoring standing dead wood for carbon accounting in tropical savanna}},
    year = {2005},
    booktitle = {Australian Journal of Botany},
    author = {Fensham, R. J.},
    number = {7},
    pages = {631--638},
    volume = {53},
    publisher = {CSIRO Publishing Journals},
    url = {https://cdu.primo.exlibrisgroup.com/discovery/fulldisplay?docid=cdi_csiro_primary_bt04109_htm&context=PC&vid=61CDU_INST:61CDU&lang=en&search_scope=MyInst_and_CI&adaptor=Primo%20Central&tab=Everything&query=any,contains,%22Australia%22%20OR%20%22NT%22%20AND%20carbon%20OR%20Carbon%20OR%20%22carbon%20accounting%22%20AND%20%22tropical%22%20OR%20%22tropics%22%20OR%20savanna&offset=0 https://www-publish-csiro-au.eu1.proxy.openathens.net/bt/pdf/BT04109},
    doi = {10.1071/BT04109},
    issn = {00671924}
}

@misc{bom2022,
    title = {{Monthly rainfall for Borroloola Airport, Daly Waters Airstrip, Darwin Airport, Katherine Council and Timber Creek}},
    year = {2022},
    author = {{Bureau of Meteorology}},
    month = {9}
}

@article{friedman1991,
    title = {{Multivariate adaptive regression splines}},
    year = {1991},
    journal = {The Annuals of Statistics},
    author = {Friedman, J. H.},
    number = {1},
    pages = {1--141},
    volume = {19},
    url = {https://doi.org/10.1214/aos/1176347963}
}

@article{nandyetal2017,
    title = {{Neural network-based modelling for forest biomass assessment}},
    year = {2017},
    journal = {Carbon Management},
    author = {Nandy, Subrata and Singh, Rajpal and Ghosh, Surajit and Watham, Taibanganba and Kushwaha, Satya Prakash Singh and Kumar, Arumugam Senthil and Dadhwal, Vinay Kumar},
    number = {4},
    month = {7},
    pages = {305--317},
    volume = {8},
    publisher = {Taylor and Francis Ltd.},
    doi = {10.1080/17583004.2017.1357402},
    issn = {17583012},
    keywords = {Resourcesat-1 LISS-III, artificial neural network (ANN), forest biomass, spectral variables, texture variables}
}

@misc{ntpastorallandact1992,
    title = {{Northern Territory of Australia: Pastoral Land Act}},
    year = {1992},
    author = {{Northern Territory Government - Department of Environment Parks and Water Security}},
    url = {https://legislation.nt.gov.au/en/Legislation/PASTORAL-LAND-ACT-1992}
}

@misc{ntplanningact1999,
    title = {{Northern Territory of Australia: The Planning Act}},
    year = {1999},
    author = {{Northern Territory Government - Department of Infrastructure Planning and Logistics}},
    month = {12},
    url = {https://legislation.nt.gov.au/en/Legislation/PLANNING-ACT-1999}
}

@misc{pastoralclearing2022,
    title = {{NR Maps: Unzoned Clearing Permits}},
    year = {2022},
    booktitle = {Department of Environment Parks and Water security Northern territory Government},
    author = {{Northern Territory Government - Department of Environment Parks and Water Security}},
    publisher = {Department of Environment, Parks and Water security, Northern territory Government},
    url = {https://nrmaps.nt.gov.au/nrmaps.html},
    address = {Palmerston},
    arxivId = {29977D78A7BFF131E050CD9B21441678}
}

@misc{unzonedclearing2022,
    title = {{NR Maps; Unzoned Clearing Permits}},
    year = {2022},
    booktitle = {NR Maps},
    author = {{Northern Territory Government - Department of Environment Parks and Water Security}},
    publisher = {Department of Environment Parks and Water Security, Northern Territory Government},
    url = {https://nrmaps.nt.gov.au/nrmaps.html},
    address = {Palmerston},
    arxivId = {29977D78A7BFF131E050CD9B21441678}
}

@article{zhu2012,
    title = {{Object-based cloud and cloud shadow detection in Landsat imagery}},
    year = {2012},
    journal = {Remote Sensing of Environment},
    author = {Zhu*, Zhe and Woodcock, C. E.},
    month = {3},
    pages = {83--94},
    volume = {118},
    url = {https://www.sciencedirect.com/science/article/pii/S0034425711003853?via%3Dihub},
    doi = {10.1016/j.rse.2011.10.028},
    issn = {00344257},
    keywords = {Cloud, Cloud shadow, Detection, Fmask, Landsat, Object-based}
}

@article{staben2016,
    title = {{Obtaining biophysical measurements of woody vegetation from high resolution digital aerial photography in tropical and arid environments: Northern Territory, Australia}},
    year = {2016},
    journal = {International Journal of Applied Earth Observation and Geoinformation},
    author = {Staben, G. and Lucieer, A. and Evans, K. G. and Scarth, P. and Cook, G. D.},
    month = {10},
    pages = {204--220},
    volume = {52},
    publisher = {Elsevier},
    url = {https://doi.org/10.1016/j.jag.2016.06.011},
    doi = {10.1016/J.JAG.2016.06.011},
    issn = {1569-8432},
    keywords = {Digital aerial photography, Foliage projective cover, Objected based image analysis, Stand basal area}
}

@article{leietal2011,
    title = {{On the terminology of the spectral vegetation index (NIR - SWIR)/(NIR+SWIR)}},
    year = {2011},
    journal = {International Journal of Remote Sensing},
    author = {Lei, Ji and Zhang, L. and Bruce, K. and Rover, W. and Rover, J.},
    number = {21},
    pages = {6901--6909},
    volume = {32},
    publisher = {Taylor and Francis Ltd.},
    url = {https://doi.org/10.1080/01431161.2010.510811},
    doi = {10.1080/01431161.2010.510811},
    issn = {13665901}
}

@article{chen1996,
    title = {{Optically-based methods for measuring seasonal variation of leaf area index in boreal conifer stands}},
    year = {1996},
    journal = {Agricultural and Forest Meteorology},
    author = {Chen, J. M.},
    number = {2-4},
    month = {7},
    pages = {135--163},
    volume = {80},
    publisher = {Elsevier},
    url = {https://doi.org/10.1016/0168-1923(95)02291-0},
    doi = {10.1016/0168-1923(95)02291-0},
    issn = {0168-1923}
}

@article{Isaac2016,
    title = {{OzFlux Data: Network integration from collection to curation}},
    year = {2016},
    journal = {Biogeosciences Discuss},
    author = {Isaac, Peter and Cleverly, James and Mchugh, Ian and Van Gorsel, Eva and Ewenz, Cacilia and Beringer, Jason},
    url = {https://bg.copernicus.org/articles/14/2903/2017/},
    doi = {10.5194/bg-2016-189}
}

@article{Armstrongetal.2009,
    title = {{Prediction and validation of foliage projective cover from Landsat-5 TM and Landsat-7 ETM+ imagery}},
    year = {2009},
    journal = {Journal of Applied Remote Sensing},
    author = {Armston, J. D. and Scarth, P. and Danaher, T. and {Moffiet T.}},
    number = {1},
    month = {8},
    pages = {033540},
    volume = {3},
    publisher = {SPIE-Intl Soc Optical Eng},
    url = {https://doi.org/10.1117/1.3216031},
    doi = {10.1117/1.3216031},
    issn = {1931-3195}
}

@article{wuetal2022,
    title = {{Prediction of Strawberry Dry Biomass from UAV Multispectral Imagery Using Multiple Machine Learning Methods}},
    year = {2022},
    journal = {Remote Sensing},
    author = {Zheng, C. and Abd-Elrahman, A. and Whitaker, V. and Dalid, C.},
    number = {18},
    pages = {2072--4292},
    volume = {14},
    url = {https://doi.org/10.3390/rs14184511},
    doi = {10.3390/rs14184511},
    keywords = {Fragaria, drone, phenomics, remote sensing}
}

@article{Graceetal2006,
    title = {{Productivity and carbon fluxes of tropical savannas}},
    year = {2006},
    journal = {Journal of Biogeography},
    author = {Grace, John and Jos{\'{e}}, José San and Meir, Patrick and Miranda, Heloisa S. and Montes, Ruben A.},
    number = {},
    month = {3},
    pages = {387--400},
    volume = {33},
    url = {https://doi.org/10.1111/j.1365-2699.2005.01448.x},
    doi = {10.1111/j.1365-2699.2005.01448.x},
    issn = {03050270},
    keywords = {Carbon cycle, Carbon sequestration, Cerrado, Fire ecology, Forest protection, Kyoto, Llanos, Miombo}
}

@incollection{houseHall2001,
    title = {{Productivity of Tropical Savannas and Grasslands}},
    year = {2001},
    booktitle = {Terrestrial Global Productivity},
    author = {House, J. I. and Hall, D. O.},
    chapter = {16},
    edition = {11},
    pages = {363--400},
    publisher = {Academic Press},
    address = {San Diego},
    isbn = {9780125052900}
}

@misc{pyearth2013,
    title = {{Py-earth: a python implementation of multivariate adaptive regression splines}},
    year = {2017},
    author = {Rudy, J. and Cherti, M.}
}

@article{powelletal2010,
    title = {{Quantification of live aboveground forest biomass dynamics with Landsat time-series and field inventory data: A comparison of empirical modeling approaches}},
    year = {2010},
    journal = {Remote Sensing of Environment},
    author = {Powell, S. L. and Cohen, W. B. and Healey, S. P. and Kennedy, R. E. and Moisen, G. G. and Pierce, K. B. and Ohmann, J. L.},
    number = {5},
    month = {5},
    pages = {1053--1068},
    volume = {114},
    doi = {10.1016/j.rse.2009.12.018},
    issn = {00344257},
    keywords = {Biomass, Curve-fitting, Disturbance, FIA, Landsat, Random forests}
}

@article{hutleyetal2016,
    title = {{Quantifying the relative importance of greenhouse gas emissions from current and future savanna land use change across northern Australia}},
    year = {2016},
    journal = {Biogeosciences},
    author = {Bristow, M. and Hutley, L. B. and Beringer, J. and Livesley, S. J. and Edwards, A. C. and Arndt, S. K.},
    number = {22},
    month = {11},
    pages = {6285--6303},
    volume = {13},
    publisher = {Copernicus GmbH},
    url = {https://bg.copernicus.org/articles/13/6285/2016/},
    doi = {10.5194/bg-13-6285-2016},
    issn = {17264189}
}

@article{barrettetal2001,
    title = {{Quantifying uncertainty in estimates of C emissions from above-ground biomass due to historic land-use change to cropping in Australia}},
    year = {2001},
    journal = {Global change biology},
    author = {Barrett, D. J. and {Galbally I. E.} and {Graetz R. D.}},
    number = {8},
    pages = {883--902},
    volume = {7},
    url = {https://onlinelibrary.wiley.com/doi/full/10.1046/j.1354-1013.2001.00449.x},
    issn = {1354-2486},
    keywords = {Carbon, geographical information systems, greenhouse gas emissions, uncertainty analysis, vegetation clearing}
}

@book{rlm2021,
    title = {{Rangelands Field Monitoring Manual, Version 6}},
    year = {2021},
    author = {Richardson, K. and Sauer, B. and Barnetson, J. and Duncan, J. and Staben, G. and Thorne, S. and Tait, L. and Bastin, G. and Scott, A.},
    pages = {1--49},
    publisher = {Department of Environment Parks and Water Security, Northern Territory Government},
    address = {Palmerston}
}

@article{tucker1979,
    title = {{Red and photographic infrared linear combinations for monitoring vegetation}},
    year = {1979},
    journal = {Remote Sensing of Environment},
    author = {Tucker, C. J.},
    number = {2},
    month = {5},
    pages = {127--150},
    volume = {8},
    publisher = {Elsevier},
    url = {https://ntrs.nasa.gov/api/citations/19780024582/downloads/19780024582.pdf},
    doi = {10.1016/0034-4257(79)90013-0},
    issn = {0034-4257}
}

@article{woinarskietal2004b,
    title = {{Response of vegetation and vertebrate fauna to 23 years of fire exclusion in a tropical Eucalyptus open forest, Northern Territory, Australia}},
    year = {2004},
    journal = {Austral Ecology},
    author = {Woinarski, J. C. and Risler, J. and {Kean L.}},
    pages = {156--176},
    volume = {29},
    url = {https://onlinelibrary.wiley.com/doi/epdf/10.1111/j.1442-9993.2004.01333.x}
}

@article{sklearn2011,
    title = {{Scikit-learn: Machine Learning in {\{}P{\}}ython}},
    year = {2011},
    journal = {Journal of Machine Learning Research},
    author = {Pedregosa, F. and Varoquaux, G. and Gramfort, A and Michel, V. and Thirion, B. and Grisel, O. and Blondel, M. and Prettenhofer, P. and Weiss, R. and Dubourg, V. and Vanderplas, J. and Passos, A. and Cournapeau, D. and Brucher, M. and Perrot, M. and Duchesnay, E.},
    pages = {2825--2830},
    volume = {12},
    url = {http://scikit-learn.sourceforge.net.},
    keywords = {Python, model selection, supervised learning, unsupervised learning}
}

@article{flood2013,
    title = {{Seasonal Composite Landsat TM/ETM+ Images Using the Medoid (a Multi-Dimensional Median)}},
    year = {2013},
    journal = {Remote Sensing},
    author = {Flood, N.},
    pages = {6481--6500},
    volume = {5},
    url = {www.mdpi.com/journal/remotesensingArticle},
    doi = {10.3390/rs5126481},
    issn = {2072-4292},
    keywords = {Landsat, image composite, medoid Remote Sens 2013, 5 6482, seasonal}
}

@misc{tern_sfc,
    title = {{Seasonal fractional cover - Landsat, JRSRP algorithm, Australia coverage}},
    year = {2020},
    author = {{Terrestrial Ecosystem Research Network (TERN)}},
    url = {https://portal.tern.org.au/seasonal-fractional-cover-australia-coverage/22026}
}

@misc{qldseasonalfc2022,
    title = {{Seasonal Fractional Cover version 3 - Landsat, JRSRP algorithm, Australia coverage}},
    year = {2022},
    booktitle = {State of Queensland, Environment and Science},
    author = {{State of Queensland - Environment and Science}},
    url = {https://www.data.qld.gov.au/dataset/seasonal-fractional-cover-version-3-landsat-jrsrp-algorithm-australia-coverage}
}

@misc{silo2022,
    title = {{SILO - Australian climate data from 1989 to yesterday,}},
    year = {2022},
    booktitle = {State of Queensland, Environment and Science},
    author = {{State of Queensland - Environment and Science}},
    url = {https://data.qld.gov.au/dataset/silo-climate-database}
}

@techreport{slatsmethods2018,
    title = {{Statewide Landcover and Trees Study Overview of Methods Statewide Landcover and Trees Study: Overview of Methods}},
    year = {2018},
    author = {{Queensland Government}},
    pages = {1--24},
    url = {https://www.qld.gov.au/__data/assets/pdf_file/0032/91877/statewide-landcover-trees-study-overview-methods.pdf},
    keywords = {2016-17, 2017-18: Statewide, Landcover, Queensland, Trees Study, change, clearing, cover, land, land cover, mapping, methods, metodology, monitors, overview, periods, vegetation, woody}
}

@article{tuckeretal2000,
    title = {{Strategies for monitoring tropical deforestation using satellite data}},
    year = {2000},
    journal = {International Journal of Remote Sensing},
    author = {Tucker, C. J. and Tucker, C. J. and Townshend, J. R.},
    number = {6-7},
    month = {1},
    pages = {1461--1471},
    volume = {21},
    doi = {10.1080/014311600210263},
    issn = {13665901}
}

@inproceedings{naji2018,
    title = {{Study of vegetation cover distribution using DVI, PVI, WDVI indices with 2D-space plot}},
    year = {2018},
    booktitle = {Journal of Physics: Conference Series},
    author = {Naji, Taghreed A.H.},
    number = {1},
    month = {5},
    volume = {1003},
    publisher = {Institute of Physics Publishing},
    doi = {10.1088/1742-6596/1003/1/012083},
    issn = {17426596},
    keywords = {Image segmentation, image binarization technique, vegetation indices}
}

@techreport{lynchetal2012,
    title = {{Summary of the Origin and Derivation of the 1:250,000 Land System Descriptions for the Northern Part of the Northern Territory, Draft}},
    year = {2012},
    author = {Lynch, B. and Cuff, N. and Green, C.},
    month = {10},
    url = {https://territorystories.nt.gov.au/10070/253063},
    institution = {Land Resource Assessment Unit,  Department of Land Resource Management, Northern Territory Government},
    address = {Palmerston}
}

@article{ortegaetal2020,
    title = {{Temporal patterns in illumination conditions and its effect on vegetation indices using Landsat on Google Earth Engine}},
    year = {2020},
    journal = {Remote Sensing},
    author = {Mart{\'{i}}n-Ortega, Pablo and Garc{\'{i}}a-Montero, Luis Gonzaga and Sibelet, Nicole},
    number = {2},
    month = {1},
    volume = {12},
    publisher = {MDPI AG},
    url = {https://www.mdpi.com/2072-4292/12/2/211},
    doi = {10.3390/rs12020211},
    issn = {20724292},
    keywords = {EVI, Google Earth Engine, Illumination condition, Landsat, NDVI, Topographic effects}
}

@article{cooketal2005,
    title = {{The estimation of carbon budgets of frequently burnt tree stands in savannas of northern Australia, using allometric analysis and isotopic discrimination}},
    year = {2005},
    journal = {Australian Journal of Botany},
    author = {Cook, G. D. and Liedloff, A. C. and Eager, R. W. and Chen, X. and Williams, R. J. and O'Grady, A. P. and Hutley, L. B.},
    number = {7},
    pages = {621--630},
    volume = {53},
    url = {https://doi.org/10.1080/01431160802448935},
    doi = {10.1071/BT04150},
    issn = {00671924}
}

@article{woinarski2004a,
    title = {{The forest fauna of the Northern Territory: knowledge, conservation and management}},
    year = {2004},
    journal = {Conservation of Australia's Forest Fauna},
    author = {Woinarski, J. C.},
    pages = {36--55},
    url = {https://www.academia.edu/64167315},
    institution = {Biodiversity Unit, Department of Infrastructure, Planning and Environment},
    address = {Darwin},
    doi = {10.7882/FS.2004.005}
}

@article{bondetal2005,
    title = {{The global distribution of ecosystems in a world without fire}},
    year = {2005},
    journal = {New Phytologist},
    author = {Bond, W. J. and Woodward, F. I. and Midgley, G. F.},
    number = {2},
    month = {2},
    pages = {525--538},
    volume = {165},
    url = {https://doi.org/10.1111/j.1469-8137.2004.01252.x},
    doi = {10.1111/j.1469-8137.2004.01252.x},
    issn = {0028646X},
    pmid = {15720663},
    keywords = {Climate-vegetation relationships, Dynamic global vegetation models, Fire ecology, Global biomes, Plant biogeography}
}

@techreport{staveretal2011,
    title = {{The Global Extent and Determinants of Savanna and Forest as Alternative Biome States}},
    year = {2011},
    booktitle = {New Series},
    author = {Staver, A. Carla and Archibald, Sally and Levin, Simon A},
    number = {6053},
    pages = {230--232},
    volume = {334}
}

@incollection{woinarski2007,
    title = {{The land and its people}},
    year = {2007},
    booktitle = {The Nature of Northern Australia: Its natural values, ecological processes and future prospects},
    author = {Woinarski, J. C. and Mackey, B. and Nix, H. and Traill, B.},
    chapter = {2},
    pages = {7--27},
    publisher = {ANU Press},
    url = {https://www.jstor.org/stable/j.ctt24h8n3.5},
    address = {Canberra},
    isbn = {9781921313318}
}

@techreport{tindaletal2012,
    title = {{THE QUEENSLAND GROUND COVER MONITORING PROGRAM}},
    year = {2012},
    author = {Tindall, D. and Scarth, P. and Schmidt, M. and Muir, J. and Trevithick, R. and Denham, R. and Pringle, M. and Witte, C.},
    month = {8},
    url = {www.gpem.uq.edu.au/jrsrp},
    institution = {Remote Sensing Centre, Queensland Govenment},
    address = {Brisbaine},
    keywords = {Land Cover, Landsat, Landscape, Mapping, Multitemporal, Vegetation}
}

@techreport{foxetal2001,
    title = {{The Vegetation of the Australian Tropical Savannas}},
    year = {2001},
    author = {Fox, I. D. and {Neldner V. J.} and {Wilson G. W.} and {Bannink P. J.}},
    url = {https://www.researchgate.net/publication/278329575},
    institution = {Environmental Protection Agency},
    address = {Brisbane},
    isbn = {0734527004}
}

@techreport{phillipsetal2000,
    title = {{Toward error analysis of large-scale forest carbon budgets}},
    year = {2000},
    author = {Phillips, Donald L and Brown, Sandra L and Schroeder, Paul E and Birdsey, Richard A},
    pages = {305--313},
    url = {http://www.blackwell-science.com/geb},
    doi = {10.1046},
    keywords = {Carbon budget, South-eastern USA, carbon flux, error analysis, forest, forest inventory, wood volume}
}

@techreport{scarthetal2011,
    title = {{tracking grazing pressure and climate interaction {\\\} the role of Landsat fractional cover in time series analysis}},
    year = {2011},
    author = {Scarth, P. and Roder, A. and Schmidt, M.},
    month = {3},
    pages = {1--13},
    institution = {Remote Sensing Centre, Queensland Department of Environment and Resource Management, Queensland Government},
    address = {Brisbaine}
}

@article{ogradyetal1999,
    title = {{Transpiration increases during the dry season: patterns of tree water use in eucalypt open-forests of northern Australia}},
    year = {1999},
    journal = {Tree Physiology},
    author = {O'Grady, A. P. and Eamus, D. and Hutley, L. B.},
    number = {9},
    pages = {591--597},
    volume = {19},
    url = {https://doi.org/10.1093/treephys/19.9.591}
}

@article{trauernichtetal2012,
    title = {{Tree cover-fire interactions promote the persistence of a fire-sensitive conifer in a highly flammable savanna}},
    year = {2012},
    journal = {Journal of Ecology},
    author = {Trauernicht, C. and Murphy, B. P. and Portner, T. E. and Bowman, D. M.},
    number = {4},
    month = {7},
    pages = {958--968},
    volume = {100},
    doi = {10.1111/j.1365-2745.2012.01970.x},
    issn = {00220477},
    keywords = {Aboriginal landscape burning, Alternative stable states, Determinants of plant community diversity and structure, Fire ecology, Fire-sensitive species, Habitat complexity, Patch dynamics, Pyrodiversity, Tropical savanna, Vegetation boundaries}
}

@book{abedstephens2003,
    title = {{Tree measurement manual for farm foresters: practical guidelines for farm foresters undertaking basic tree measurement in farm forest plantations}},
    year = {2003},
    author = {Abed, T. and Stephens, N. C.},
    editor = {Parsons, M.},
    edition = {2},
    pages = {1--80},
    publisher = {Dept. of Agriculture, Fisheries and Forestry},
    url = {http://www.daff.gov.au/brs},
    institution = {National Forest Inventory, Bureau of Rural Sciences.},
    address = {Canberra},
    isbn = {064247575X}
}

@article{clarkkellner2012,
    title = {{Tropical forest biomass estimation and the fallacy of misplaced concreteness}},
    year = {2012},
    journal = {Journal of Vegetation Science},
    author = {Clark, D. B. and Kellner, J. R.},
    number = {6},
    pages = {1191--1196},
    volume = {23},
    publisher = {Wiley-Blackwell},
    url = {https://doi.org/10.1111/j.1654-1103.2012.01471.x},
    doi = {10.1111/j.1654-1103.2012.01471.x},
    issn = {16541103},
    keywords = {Accuracy, Allometry, Costa Rica, Fallacy of misplaced concreteness, Forest biomass estimation, La Selva, Precision, Remote sensing, Tropical rain forest}
}

@article{jeffreyetal2001,
    title = {{Using spatial interpolation to construct a comprehensive archive of Australian climate data}},
    year = {2001},
    journal = {Environmental Modelling {\&} Software},
    author = {Jeffrey, S. J. and Carter, J. O. and Moodie, K. B. and Beswick, A. R.},
    month = {1},
    pages = {309--330},
    volume = {16},
    url = {www.elsevier.com/locate/envsoft},
    keywords = {Climate, Database, Ground-based data, Interpolation, Precipitation}
}

@article{williams1996,
    title = {{Variation in the composition and structure of tropical savannas as a function of rainfall and soil texture along a large-scale climatic gradient in the Northern Territory, Australia}},
    year = {1996},
    journal = {Journal of Biogeography},
    author = {Williams, R. J. and Duff, G. A. and Bowman, D. M.},
    pages = {747--756},
    volume = {23},
    url = {https://doi.org/10.1111/j.1365-2699.1996.tb00036.x},
    keywords = {Gradient analysis, rainfall, regression models, savanna, soil texture}
}

@article{murphyBowman2012,
    title = {{What controls the distribution of tropical forest and savanna?}},
    year = {2012},
    journal = {Ecology Letters},
    author = {Murphy, B. P. and Bowman, D. M.},
    pages = {748--758},
    volume = {15},
    doi = {10.1111/j.1461-0248.2012.01771.x},
    keywords = {Alternative stable states, Dynamic Global Vegetation Models, disturbance, feedbacks, fire, rainforest, resource limitation, savanna, tree-grass coexistence, tropical forest}
}

@article{bond2008,
    title = {{What Limits Trees in C4 Grasslands and Savannas?}},
    year = {2008},
    journal = {Annual Review of Ecology, Evolution, and Systematics},
    author = {Bond, W. J.},
    pages = {641--659},
    volume = {39},
    url = {https://www.researchgate.net/publication/249557095}
}

@article{ratnametal2011,
    title = {{When is a 'forest' a savanna, and why does it matter?}},
    year = {2011},
    journal = {Global Ecology and Biogeography},
    author = {Ratnam, J. and Bond, W. J. and Fensham, R. J. and Hoffmann, W. A. and Archibald, S. and Lehmann, C. E. and Anderson, M. T. and Higgins, S. I. and Sankaran, M.},
    pages = {653--660},
    volume = {20},
    url = {http://wileyonlinelibrary.com/journal/geb},
    doi = {10.1111/j.1466-8238.2010.00634.x},
    keywords = {Degraded forests, South Asia, fire tolerance, functional traits, mesic savannas, shade intolerance, tropical dry forests, tropical savannas}
}

@article{Zhang2015CharacterizingTM/ETM+,
    title = {{Characterizing fractional vegetation cover and land surface temperature based on sub-pixel fractional impervious surfaces from Landsat TM/ETM+}},
    year = {2015},
    journal = {International Journal of Remote Sensing},
    author = {Zhang, Youshui and Harris, Angela and Balzter, Heiko},
    number = {16},
    month = {8},
    pages = {4213--4232},
    volume = {36},
    publisher = {Taylor and Francis Ltd.},
    doi = {10.1080/01431161.2015.1079344},
    issn = {13665901}
}

@article{Langkvist2016ClassificationNetworks,
    title = {{Classification and segmentation of satellite orthoimagery using convolutional neural networks}},
    year = {2016},
    journal = {Remote Sensing},
    author = {L{\"{a}}ngkvist, Martin and Kiselev, Andrey and Alirezaie, Marjan and Loutfi, Amy},
    number = {4},
    volume = {8},
    doi = {10.3390/rs8040329},
    issn = {20724292}
}

@article{Preece2012ComparingAccounting,
    title = {{Comparing above-ground biomass among forest types in the Wet Tropics: Small stems and plantation types matter in carbon accounting}},
    year = {2012},
    journal = {Forest Ecology and Management},
    author = {Preece, Noel D. and Crowley, Gabriel M. and Lawes, Michael J. and van Oosterzee, Penny},
    month = {1},
    pages = {228--237},
    volume = {264},
    doi = {10.1016/j.foreco.2011.10.016},
    issn = {03781127},
    keywords = {Allometrics, Carbon sequestration, Plantation, Rainforest, Reforestation}
}

@article{Hu2021CouplingCrops,
    title = {{Coupling of machine learning methods to improve estimation of ground coverage from unmanned aerial vehicle (UAV) imagery for high-throughput phenotyping of crops}},
    year = {2021},
    journal = {Functional Plant Biology},
    author = {Hu, Pengcheng and Chapman, Scott C. and Zheng, Bangyou},
    number = {8},
    volume = {48},
    doi = {10.1071/FP20309},
    issn = {14454416}
}

@misc{Li2018DeepSurvey,
    title = {{Deep learning for remote sensing image classification: A survey}},
    year = {2018},
    booktitle = {Wiley Interdisciplinary Reviews: Data Mining and Knowledge Discovery},
    author = {Li, Y. and Zhang, H. and Xue, X. and Jiang, Y. and Shen, Q.},
    number = {6},
    volume = {8},
    doi = {10.1002/widm.1264},
    issn = {19424795}
}

@article{Chen2019DeepRepresentation,
    title = {{Deep Neural Network Based Hyperspectral Pixel Classification with Factorized Spectral-Spatial Feature Representation}},
    year = {2019},
    journal = {IEEE Access},
    author = {Chen, Jingzhou and Chen, Siyu and Zhou, Peilin and Qian, Yuntao},
    volume = {7},
    doi = {10.1109/ACCESS.2019.2923776},
    issn = {21693536}
}

@article{Volkova2015EmpiricalAccounting,
    title = {{Empirical Estimates of Aboveground Carbon in Open Eucalyptus Forests of South-Eastern Australia and Its Potential Implication for National Carbon Accounting}},
    year = {2015},
    author = {Volkova, Liubov and Bi, Huiquan and Murphy, Simon and Weston, Christopher J. and Au, C. J. W. and Polglase, Philip J. and Jokela, Eric J.},
    pages = {3395--3411},
    volume = {6},
    url = {www.mdpi.com/journal/forestsArticle},
    doi = {10.3390/f6103395},
    issn = {1999-4907},
    keywords = {Coarse Woody Debris, FullCAM, Litter, allometric equations, fire emission, understorey}
}

@article{Chang2010EstimatesData,
    title = {{Estimates of biomass burning emissions in tropical Asia based on satellite-derived data}},
    year = {2010},
    journal = {Atmospheric Chemistry and Physics},
    author = {Chang, D. and Song, Y.},
    number = {5},
    month = {3},
    pages = {2335--2351},
    volume = {10},
    url = {https://acp.copernicus.org/articles/10/2335/2010/},
    doi = {10.5194/acp-10-2335-2010},
    issn = {1680-7324}
}

@article{Keith2010EstimatingError,
    title = {{Estimating carbon carrying capacity in natural forest ecosystems across heterogeneous landscapes: addressing sources of error}},
    year = {2010},
    journal = {Global Change Biology},
    author = {Keith, Heather and Mackey, Brendan and Berry, Sandra and Lindenmayer, David and Gibbons, Philip},
    number = {11},
    month = {11},
    pages = {2971--2989},
    volume = {16},
    doi = {10.1111/j.1365-2486.2009.02146.x},
    issn = {13541013},
    keywords = {Carbon accounting baseline, Forest carbon stocks, Net primary production, Total ecosystem carbon, Uncertainty analysis}
}

@article{Sun2020EvolvingClassification,
    title = {{Evolving Deep Convolutional Neural Networks for Image Classification}},
    year = {2020},
    journal = {IEEE Transactions on Evolutionary Computation},
    author = {Sun, Y. and Xue, B. and Zhang, M. and Yen, G. G.},
    number = {2},
    volume = {24},
    url = {chrome-extension://efaidnbmnnnibpcajpcglclefindmkaj/https://link.springer.com/content/pdf/10.1186/s40537-019-0276-2.pdf},
    doi = {10.1109/TEVC.2019.2916183},
    issn = {19410026}
}

@techreport{NasaGeneralDisclaimer,
    title = {{General Disclaimer}},
    author = {{Nasa} and {Casi}}
}

@article{Gill2010Geometric2007,
    title = {{Geometric correction and accuracy assessment of Landsat-7 ETM+ and Landsat-5 TM imagery used for vegetation cover monitoring in Queensland, Australia from 1988 to 2007}},
    year = {2010},
    journal = {Journal of Spatial Science},
    author = {Gill, T. and Collett, L. and Armston, J. and Eustace, A. and Danaher, T. and Scarth, P. and Flood, N. and Phinn, S.},
    number = {2},
    month = {12},
    pages = {273--287},
    volume = {55},
    doi = {10.1080/14498596.2010.521977},
    issn = {14498596},
    keywords = {Geometric correction, Landsat-5 TM, Landsat-7 ETM+, Large area monitoring}
}

@article{Krishna2018ImageLearning,
    title = {{Image classification using Deep learning}},
    year = {2018},
    journal = {International Journal of Engineering and Technology(UAE)},
    author = {Krishna, M. M. and Neelima, M. and Harshali, M. and Rao, M. V.},
    volume = {7},
    doi = {10.14419/ijet.v7i2.7.10892},
    issn = {2227524X}
}

@article{Law2011MappingToolbox,
    title = {{Mapping carbon in tropical Australia: Estimates of carbon stocks and fluxes in the Northern Territory using the national carbon accounting toolbox}},
    year = {2011},
    journal = {Ecological Management and Restoration},
    author = {Law, Rob and Garnett, Stephen T.},
    number = {1},
    month = {4},
    pages = {61--68},
    volume = {12},
    doi = {10.1111/j.1442-8903.2011.00566.x},
    issn = {14427001},
    keywords = {Carbon map, FullCAM, NCAS, NCAT, Savannas}
}

@inproceedings{Accad2010MappingCover,
    title = {{Mapping the extent and growth stage ofwoody regrowth following clearing through integration of ALOS PALSAR and Landsat-derived foliage projected cover}},
    year = {2010},
    booktitle = {Proceedings of 15th Australasian Remote Sensing and Photogrammetry Conference (ARSPC)},
    author = {Accad, A. and Lucas, R. M. and Pollock, A. and Armston, J. D. and Bowen, M. E. and McAlpine, C. A. and Dwyer, J.}
}

@article{Barnetson2019MappingSystem,
    title = {{Mapping woody vegetation cover across Australia's arid rangelands: Utilising a machine-learning classification and low-cost Remotely Piloted Aircraft System}},
    year = {2019},
    journal = {International Journal of Applied Earth Observation and Geoinformation},
    author = {Barnetson, J. and Phinn, S. and Scarth, P.},
    month = {11},
    volume = {83},
    publisher = {Elsevier B.V.},
    doi = {10.1016/j.jag.2019.101909},
    issn = {1872826X},
    keywords = {Drone, Landsat, Ortho-mosaic, Planet Dove, Remotely Piloted Aircraft System (RPAS), Sentinel2}
}

@techreport{BakerNorthernThreats,
    title = {{Northern Territory Bioregions-assessment of key biodiversity values and threats}},
    author = {Baker, Bryan and Price, Owen F and Fisher, Alaric and Hempel, Craig},
    url = {https://www.researchgate.net/publication/301679851}
}

@incollection{Mackey2008PartImplications,
    title = {{Part 1, A green carbon account of Australia's south-eastern Eucalypt forests, and policy implications}},
    year = {2008},
    booktitle = {Green carbon, the role of natural forest in carbon storage},
    author = {Mackey, B. G. and Keith, H. and Berry, S. L. and Lindenmayer, D. B.},
    pages = {47},
    publisher = {ANU E Press},
    isbn = {9781921313875}
}

@article{Tucker1979RedVegetation,
    title = {{Red and photographic infrared linear combinations for monitoring vegetation}},
    year = {1979},
    journal = {Remote Sensing of Environment},
    author = {Tucker, C. J.},
    number = {2},
    month = {5},
    pages = {127--150},
    volume = {8},
    publisher = {Elsevier},
    url = {https://doi.org/10.1016/0034-4257(79)90013-0},
    doi = {10.1016/0034-4257(79)90013-0},
    issn = {0034-4257}
}

@article{Fisher2018RelatingStands,
    title = {{Relating foliage and crown projective cover in Australian tree stands}},
    year = {2018},
    journal = {Agricultural and Forest Meteorology},
    author = {Fisher, A. and Scarth, P. and Armston, J. and Danaher, T.},
    month = {9},
    pages = {39--47},
    volume = {259},
    publisher = {Elsevier B.V.},
    doi = {10.1016/j.agrformet.2018.04.016},
    issn = {01681923},
    keywords = {Canopy Cover, Canopy gaps, Crown cover, Crown projective cover, Foliage projective cover, Vertical canopy cover}
}

@article{Fisher2018RelatingStandsb,
    title = {{Relating foliage and crown projective cover in Australian tree stands}},
    year = {2018},
    journal = {Agricultural and Forest Meteorology},
    author = {Fisher, A. and Scarth, P. and Armston, J. and Danaher, T.},
    month = {9},
    pages = {39--47},
    volume = {259},
    publisher = {Elsevier B.V.},
    url = {https://www.sciencedirect.com/science/article/pii/S0168192318301382},
    doi = {10.1016/j.agrformet.2018.04.016},
    issn = {01681923},
    keywords = {Canopy Cover, Canopy gaps, Crown cover, Crown projective cover, Foliage projective cover, Vertical canopy cover}
}

@techreport{KumarRemoteBiomass,
    title = {{Remote Sensing of Above-Ground Biomass}},
    author = {Kumar, Lalit and Mutanga, Onisimo},
    url = {www.mdpi.com/journal/remotesensing}
}

@article{Nogueira2019Spatio-TemporalNetworks,
    title = {{Spatio-Temporal Vegetation Pixel Classification by Using Convolutional Networks}},
    year = {2019},
    journal = {IEEE Geoscience and Remote Sensing Letters},
    author = {Nogueira, Keiller and Dos Santos, Jefersson A. and Menini, Nathalia and Silva, Thiago S.F. and Morellato, Leonor Patricia C. and Torres, Ricardo Da S.},
    number = {10},
    volume = {16},
    doi = {10.1109/LGRS.2019.2903194},
    issn = {15580571}
}

@article{Jamali2013TheSpecific,
    title = {{The relationships between termite mound CH4/CO2 emissions and internal concentration ratios are species specific}},
    year = {2013},
    journal = {Biogeosciences},
    author = {Jamali, H. and Livesley, S. J. and Hutley, L. B. and Fest, B. and Arndt, S. K.},
    number = {4},
    pages = {2229--2240},
    volume = {10},
    doi = {10.5194/bg-10-2229-2013},
    issn = {17264170}
}

@article{Migliavacca2021TheFunction,
    title = {{The three major axes of terrestrial ecosystem function}},
    year = {2021},
    journal = {Nature},
    author = {Migliavacca, Mirco and Musavi, Talie and Mahecha, Miguel D. and Nelson, Jacob A. and Knauer, Jürgen and Baldocchi, Dennis D. and Perez-Priego, Oscar and Christiansen, Rune and Peters, Jonas and Anderson, Karen and Bahn, Michael and Black, T. Andrew and Blanken, Peter D. and Bonal, Damien and Buchmann, Nina and Caldararu, Silvia and Carrara, Arnaud and Carvalhais, Nuno and Cescatti, Alessandro and Chen, Jiquan and Cleverly, Jamie and Cremonese, Edoardo and Desai, Ankur R. and El-Madany, Tarek S. and Farella, Martha M. and Fern{\'{a}}ndez-Mart{\'{i}}nez, Marcos and Filippa, Gianluca and Forkel, Matthias and Galvagno, Marta and Gomarasca, Ulisse and Gough, Christopher M. and G{\"{o}}ckede, Mathias and Ibrom, Andreas and Ikawa, Hiroki and Janssens, Ivan A. and Jung, Martin and Kattge, Jens and Keenan, Trevor F. and Knohl, Alexander and Kobayashi, Hideki and Kraemer, Guido and Law, Beverly E. and Liddell, Michael J. and Ma, Xuanlong and Mammarella, Ivan and Martini, David and Macfarlane, Craig and Matteucci, Giorgio and Montagnani, Leonardo and Pabon-Moreno, Daniel E. and Panigada, Cinzia and Papale, Dario and Pendall, Elise and Penuelas, Josep and Phillips, Richard P. and Reich, Peter B. and Rossini, Micol and Rotenberg, Eyal and Scott, Russell L. and Stahl, Clement and Weber, Ulrich and Wohlfahrt, Georg and Wolf, Sebastian and Wright, Ian J. and Yakir, Dan and Zaehle, Sönke and Reichstein, Markus},
    number = {7881},
    month = {10},
    pages = {468--472},
    volume = {598},
    publisher = {Nature Research},
    doi = {10.1038/s41586-021-03939-9},
    issn = {14764687},
    pmid = {34552242}
}

@article{Sierra2007TotalColombia,
    title = {{Total carbon stocks in a tropical forest landscape of the Porce region, Colombia}},
    year = {2007},
    journal = {Forest Ecology and Management},
    author = {Sierra, Carlos A. and del Valle, Jorge I. and Orrego, Sergio A. and Moreno, Flavio H. and Harmon, Mark E. and Zapata, Mauricio and Colorado, Gabriel J. and Herrera, María A. and Lara, Wilson and Restrepo, David E. and Berrouet, Lina M. and Loaiza, Lina M. and Benjumea, John F.},
    number = {2-3},
    month = {5},
    pages = {299--309},
    volume = {243},
    doi = {10.1016/j.foreco.2007.03.026},
    issn = {03781127},
    keywords = {Aboveground biomass, Belowground biomass, Biomass equations, Heterogeneous landscapes, Necromass, Soil organic carbon}
}

@article{Oddi2021UsingLimits,
    title = {{Using UAV imagery to detect and map woody species encroachment in a subalpine grassland: Advantages and limits}},
    year = {2021},
    journal = {Remote Sensing},
    author = {Oddi, Ludovica and Cremonese, Edoardo and Ascari, Lorenzo and Filippa, Gianluca and Galvagno, Marta and Serafino, Davide and Di Cella, Umberto Morra},
    number = {7},
    volume = {13},
    doi = {10.3390/rs13071239},
    issn = {20724292}
}